[gd_scene load_steps=54 format=2]

[ext_resource path="res://assests/fonts/Kenney Mini.ttf" type="DynamicFontData" id=1]
[ext_resource path="res://Root.gd" type="Script" id=2]
[ext_resource path="res://assests/my_own/button_hover.png" type="Texture" id=3]
[ext_resource path="res://assests/my_own/button_pressed.png" type="Texture" id=4]
[ext_resource path="res://assests/my_own/button_off.png" type="Texture" id=5]
[ext_resource path="res://levels/Tutorial.tscn" type="PackedScene" id=6]
[ext_resource path="res://assests/music/background/loading.wav" type="AudioStream" id=7]
[ext_resource path="res://assests/Environment/Fountain/Fountain_05.png" type="Texture" id=8]
[ext_resource path="res://assests/Environment/Fountain/Fountain_08.png" type="Texture" id=9]
[ext_resource path="res://assests/Environment/House/House_05.png" type="Texture" id=10]
[ext_resource path="res://assests/Environment/Fountain/Fountain_03.png" type="Texture" id=11]
[ext_resource path="res://assests/Environment/Fountain/Fountain_02.png" type="Texture" id=12]
[ext_resource path="res://assests/Environment/Fountain/Fountain_07.png" type="Texture" id=13]
[ext_resource path="res://assests/Environment/Fountain/Fountain_06.png" type="Texture" id=14]
[ext_resource path="res://assests/Environment/Fountain/Fountain_04.png" type="Texture" id=15]
[ext_resource path="res://assests/Environment/Fountain/Fountain_01.png" type="Texture" id=16]
[ext_resource path="res://assests/Environment/House/House_08.png" type="Texture" id=17]
[ext_resource path="res://assests/Environment/FakeTrees/FakeTree02/FakeTree02_01.png" type="Texture" id=18]
[ext_resource path="res://assests/Environment/FakeTrees/FakeTree02/FakeTree02_08.png" type="Texture" id=19]
[ext_resource path="res://assests/Environment/FakeTrees/FakeTree02/FakeTree02_06.png" type="Texture" id=20]
[ext_resource path="res://assests/Environment/Advertising/Advertising02/Advertising02_01.png" type="Texture" id=21]
[ext_resource path="res://assests/Environment/House/House_07.png" type="Texture" id=22]
[ext_resource path="res://assests/Environment/House/House_02.png" type="Texture" id=23]
[ext_resource path="res://assests/Environment/House/House_04.png" type="Texture" id=24]
[ext_resource path="res://assests/Environment/House/House_06.png" type="Texture" id=25]
[ext_resource path="res://assests/Environment/House/House_01.png" type="Texture" id=26]
[ext_resource path="res://assests/Environment/House/House_03.png" type="Texture" id=27]
[ext_resource path="res://assests/Environment/FakeTrees/FakeTree02/FakeTree02_04.png" type="Texture" id=28]
[ext_resource path="res://assests/Environment/Advertising/Advertising02/Advertising02_08.png" type="Texture" id=29]
[ext_resource path="res://assests/Environment/FakeTrees/FakeTree02/FakeTree02_05.png" type="Texture" id=30]
[ext_resource path="res://assests/Environment/FakeTrees/FakeTree02/FakeTree02_02.png" type="Texture" id=31]
[ext_resource path="res://assests/Environment/Advertising/Advertising02/Advertising02_05.png" type="Texture" id=32]
[ext_resource path="res://assests/Environment/Advertising/Advertising02/Advertising02_02.png" type="Texture" id=33]
[ext_resource path="res://assests/Environment/FakeTrees/FakeTree02/FakeTree02_03.png" type="Texture" id=34]
[ext_resource path="res://assests/Environment/Advertising/Advertising02/Advertising02_04.png" type="Texture" id=35]
[ext_resource path="res://assests/Environment/Advertising/Advertising02/Advertising02_06.png" type="Texture" id=36]
[ext_resource path="res://assests/Environment/Advertising/Advertising02/Advertising02_03.png" type="Texture" id=37]
[ext_resource path="res://assests/Environment/Advertising/Advertising02/Advertising02_07.png" type="Texture" id=38]
[ext_resource path="res://assests/Environment/FakeTrees/FakeTree02/FakeTree02_07.png" type="Texture" id=39]
[ext_resource path="res://levels/Level01.tscn" type="PackedScene" id=40]
[ext_resource path="res://utils/fog_shader.shader" type="Shader" id=41]
[ext_resource path="res://levels/Level02.tscn" type="PackedScene" id=42]
[ext_resource path="res://levels/Level03.tscn" type="PackedScene" id=43]

[sub_resource type="SpriteFrames" id=1]
animations = [ {
"frames": [ ExtResource( 16 ), ExtResource( 12 ), ExtResource( 11 ), ExtResource( 15 ), ExtResource( 8 ), ExtResource( 14 ), ExtResource( 13 ), ExtResource( 9 ) ],
"loop": true,
"name": "default",
"speed": 5.0
} ]

[sub_resource type="SpriteFrames" id=2]
animations = [ {
"frames": [ ExtResource( 26 ), ExtResource( 23 ), ExtResource( 27 ), ExtResource( 24 ), ExtResource( 10 ), ExtResource( 25 ), ExtResource( 22 ), ExtResource( 17 ) ],
"loop": true,
"name": "default",
"speed": 5.0
} ]

[sub_resource type="SpriteFrames" id=3]
animations = [ {
"frames": [ ExtResource( 18 ), ExtResource( 31 ), ExtResource( 34 ), ExtResource( 28 ), ExtResource( 30 ), ExtResource( 20 ), ExtResource( 39 ), ExtResource( 19 ) ],
"loop": true,
"name": "default",
"speed": 5.0
} ]

[sub_resource type="SpriteFrames" id=4]
animations = [ {
"frames": [ ExtResource( 21 ), ExtResource( 33 ), ExtResource( 37 ), ExtResource( 35 ), ExtResource( 32 ), ExtResource( 36 ), ExtResource( 38 ), ExtResource( 29 ) ],
"loop": true,
"name": "default",
"speed": 5.0
} ]

[sub_resource type="ShaderMaterial" id=5]
shader = ExtResource( 41 )
shader_param/color = Vector3( 0.5, 0.5, 0.55 )
shader_param/OCTAVES = 3

[sub_resource type="DynamicFont" id=6]
size = 72
font_data = ExtResource( 1 )

[sub_resource type="DynamicFont" id=7]
size = 72
font_data = ExtResource( 1 )

[sub_resource type="DynamicFont" id=8]
size = 25
font_data = ExtResource( 1 )

[sub_resource type="DynamicFont" id=9]
size = 25
font_data = ExtResource( 1 )

[sub_resource type="DynamicFont" id=10]
size = 25
font_data = ExtResource( 1 )

[node name="Root" type="Node"]
script = ExtResource( 2 )
Tutorial = ExtResource( 6 )
Level01 = ExtResource( 40 )
Level02 = ExtResource( 42 )
Level03 = ExtResource( 43 )

[node name="background" type="CanvasLayer" parent="."]
layer = -3

[node name="back_black" type="ColorRect" parent="background"]
margin_left = -3960.0
margin_top = -2800.0
margin_right = 8824.0
margin_bottom = 4280.0
color = Color( 0, 0, 0, 1 )
__meta__ = {
"_edit_use_anchors_": false
}

[node name="Node2D" type="Node2D" parent="background"]

[node name="CanvasModulate" type="CanvasModulate" parent="background/Node2D"]
visible = false
color = Color( 0.137255, 0.133333, 0.14902, 1 )

[node name="fountain" type="AnimatedSprite" parent="background/Node2D"]
position = Vector2( 696, 752 )
frames = SubResource( 1 )
frame = 3
playing = true
offset = Vector2( 0, 4 )

[node name="house" type="AnimatedSprite" parent="background/Node2D"]
position = Vector2( 288, 736 )
scale = Vector2( 1, 1.1 )
frames = SubResource( 2 )
frame = 3
playing = true

[node name="fake_tree" type="AnimatedSprite" parent="background/Node2D"]
position = Vector2( 1568, 736 )
frames = SubResource( 3 )
frame = 1
playing = true

[node name="AnimatedSprite" type="AnimatedSprite" parent="background/Node2D"]
position = Vector2( 1184, 704 )
frames = SubResource( 4 )
frame = 1
playing = true

[node name="fog" type="ColorRect" parent="background/Node2D"]
material = SubResource( 5 )
margin_right = 1920.0
margin_bottom = 1080.0
color = Color( 0, 0, 0, 1 )
__meta__ = {
"_edit_use_anchors_": false
}

[node name="floor" type="ColorRect" parent="background/Node2D"]
margin_top = 768.0
margin_right = 1920.0
margin_bottom = 1080.0
color = Color( 0.0901961, 0.101961, 0.133333, 1 )
__meta__ = {
"_edit_use_anchors_": false
}

[node name="RootUI" type="Control" parent="."]
__meta__ = {
"_edit_use_anchors_": false
}

[node name="Title" type="Label" parent="RootUI"]
anchor_right = 1.0
margin_left = 640.0
margin_top = 120.0
margin_right = 1216.0
margin_bottom = 210.0
custom_fonts/font = SubResource( 6 )
text = "Cyber Platform"
align = 1
__meta__ = {
"_edit_use_anchors_": false
}

[node name="Finish_label" type="Label" parent="RootUI"]
visible = false
anchor_left = 0.5
anchor_top = 0.5
anchor_right = 0.5
anchor_bottom = 0.5
margin_left = 792.0
margin_top = 432.0
margin_right = 1080.0
margin_bottom = 522.0
custom_fonts/font = SubResource( 7 )
text = "You Win!"
align = 1
valign = 1
__meta__ = {
"_edit_use_anchors_": false
}

[node name="message_timer" type="Timer" parent="RootUI"]
wait_time = 2.0
one_shot = true

[node name="TutorialButton" type="TextureButton" parent="RootUI"]
anchor_left = 0.5
anchor_top = 0.5
anchor_right = 0.5
anchor_bottom = 0.5
margin_left = 256.0
margin_top = 368.0
margin_right = 384.0
margin_bottom = 432.0
rect_scale = Vector2( 2, 2 )
texture_normal = ExtResource( 5 )
texture_pressed = ExtResource( 4 )
texture_hover = ExtResource( 3 )
texture_focused = ExtResource( 3 )
__meta__ = {
"_edit_group_": true,
"_edit_use_anchors_": false
}

[node name="TutorialLabel" type="Label" parent="RootUI/TutorialButton"]
margin_right = 128.0
margin_bottom = 64.0
custom_fonts/font = SubResource( 8 )
text = "Tutorial"
align = 1
valign = 1
__meta__ = {
"_edit_use_anchors_": false
}

[node name="Label0" type="Label" parent="RootUI/TutorialButton"]
margin_top = -28.0
margin_right = 128.0
margin_bottom = 4.0
custom_fonts/font = SubResource( 9 )
text = "0"
align = 1
valign = 1
__meta__ = {
"_edit_group_": true
}

[node name="Level01Button" type="TextureButton" parent="RootUI"]
margin_left = 640.0
margin_top = 368.0
margin_right = 768.0
margin_bottom = 432.0
rect_scale = Vector2( 2, 2 )
texture_normal = ExtResource( 5 )
texture_pressed = ExtResource( 4 )
texture_hover = ExtResource( 3 )
texture_focused = ExtResource( 3 )
__meta__ = {
"_edit_group_": true,
"_edit_use_anchors_": false
}

[node name="name" type="Label" parent="RootUI/Level01Button"]
margin_right = 128.0
margin_bottom = 64.0
custom_fonts/font = SubResource( 10 )
text = "Enemy"
align = 1
valign = 1
__meta__ = {
"_edit_use_anchors_": false
}

[node name="Label1" type="Label" parent="RootUI/Level01Button"]
margin_top = -28.0
margin_right = 128.0
margin_bottom = 4.0
custom_fonts/font = SubResource( 9 )
text = "1"
align = 1
valign = 1
__meta__ = {
"_edit_use_anchors_": false
}

[node name="Level02Button" type="TextureButton" parent="RootUI"]
margin_left = 1024.0
margin_top = 368.0
margin_right = 1152.0
margin_bottom = 432.0
rect_scale = Vector2( 2, 2 )
texture_normal = ExtResource( 5 )
texture_pressed = ExtResource( 4 )
texture_hover = ExtResource( 3 )
texture_focused = ExtResource( 3 )
__meta__ = {
"_edit_group_": true,
"_edit_use_anchors_": false
}

[node name="name" type="Label" parent="RootUI/Level02Button"]
margin_right = 128.0
margin_bottom = 64.0
custom_fonts/font = SubResource( 10 )
text = "Plasma"
align = 1
valign = 1

[node name="Label2" type="Label" parent="RootUI/Level02Button"]
margin_top = -28.0
margin_right = 128.0
margin_bottom = 4.0
custom_fonts/font = SubResource( 9 )
text = "2"
align = 1
valign = 1
__meta__ = {
"_edit_use_anchors_": false
}

[node name="Level03Button" type="TextureButton" parent="RootUI"]
margin_left = 1408.0
margin_top = 368.0
margin_right = 1536.0
margin_bottom = 432.0
rect_scale = Vector2( 2, 2 )
texture_normal = ExtResource( 5 )
texture_pressed = ExtResource( 4 )
texture_hover = ExtResource( 3 )
texture_focused = ExtResource( 3 )
__meta__ = {
"_edit_group_": true,
"_edit_use_anchors_": false
}

[node name="name" type="Label" parent="RootUI/Level03Button"]
margin_right = 128.0
margin_bottom = 64.0
custom_fonts/font = SubResource( 10 )
text = "Oblivion"
align = 1
valign = 1

[node name="Label3" type="Label" parent="RootUI/Level03Button"]
margin_top = -28.0
margin_right = 128.0
margin_bottom = 4.0
custom_fonts/font = SubResource( 9 )
text = "3"
align = 1
valign = 1
__meta__ = {
"_edit_use_anchors_": false
}

[node name="menu_music" type="AudioStreamPlayer" parent="."]
stream = ExtResource( 7 )
volume_db = -15.551
autoplay = true

[connection signal="timeout" from="RootUI/message_timer" to="." method="_on_message_timer_timeout"]
[connection signal="pressed" from="RootUI/TutorialButton" to="." method="_on_TutorialButton_pressed"]
[connection signal="pressed" from="RootUI/Level01Button" to="." method="_on_Level01Button_pressed"]
[connection signal="pressed" from="RootUI/Level02Button" to="." method="_on_Level02Button_pressed"]
[connection signal="pressed" from="RootUI/Level03Button" to="." method="_on_Level03Button_pressed"]
[connection signal="finished" from="menu_music" to="." method="_on_menu_music_finished"]
