[gd_scene load_steps=84 format=2]

[ext_resource path="res://assests/light.png" type="Texture" id=2]
[ext_resource path="res://assests/stormhead/attack.png" type="Texture" id=3]
[ext_resource path="res://enemies/storm_head.gd" type="Script" id=4]
[ext_resource path="res://assests/hazzard/5_magickahit_spritesheet.png" type="Texture" id=5]
[ext_resource path="res://assests/music/Object_ScifiDoodad.wav" type="AudioStream" id=6]
[ext_resource path="res://assests/music/vfx/Attack_Shock.wav" type="AudioStream" id=7]
[ext_resource path="res://assests/stormhead/run.png" type="Texture" id=8]

[sub_resource type="RectangleShape2D" id=1]
extents = Vector2( 10, 24 )

[sub_resource type="AtlasTexture" id=2]
flags = 4
atlas = ExtResource( 3 )
region = Rect2( 0, 0, 119, 124 )

[sub_resource type="AtlasTexture" id=3]
flags = 4
atlas = ExtResource( 3 )
region = Rect2( 0, 124, 119, 124 )

[sub_resource type="AtlasTexture" id=4]
flags = 4
atlas = ExtResource( 3 )
region = Rect2( 0, 248, 119, 124 )

[sub_resource type="AtlasTexture" id=5]
flags = 4
atlas = ExtResource( 3 )
region = Rect2( 0, 372, 119, 124 )

[sub_resource type="AtlasTexture" id=6]
flags = 4
atlas = ExtResource( 3 )
region = Rect2( 0, 496, 119, 124 )

[sub_resource type="AtlasTexture" id=7]
flags = 4
atlas = ExtResource( 3 )
region = Rect2( 0, 620, 119, 124 )

[sub_resource type="AtlasTexture" id=8]
flags = 4
atlas = ExtResource( 3 )
region = Rect2( 0, 744, 119, 124 )

[sub_resource type="AtlasTexture" id=9]
flags = 4
atlas = ExtResource( 3 )
region = Rect2( 0, 868, 119, 124 )

[sub_resource type="AtlasTexture" id=10]
flags = 4
atlas = ExtResource( 3 )
region = Rect2( 0, 992, 119, 124 )

[sub_resource type="AtlasTexture" id=11]
flags = 4
atlas = ExtResource( 3 )
region = Rect2( 0, 1116, 119, 124 )

[sub_resource type="AtlasTexture" id=12]
flags = 4
atlas = ExtResource( 3 )
region = Rect2( 0, 1240, 119, 124 )

[sub_resource type="AtlasTexture" id=13]
flags = 4
atlas = ExtResource( 3 )
region = Rect2( 0, 1364, 119, 124 )

[sub_resource type="AtlasTexture" id=14]
flags = 4
atlas = ExtResource( 3 )
region = Rect2( 0, 1488, 119, 124 )

[sub_resource type="AtlasTexture" id=15]
flags = 4
atlas = ExtResource( 3 )
region = Rect2( 0, 1612, 119, 124 )

[sub_resource type="AtlasTexture" id=16]
flags = 4
atlas = ExtResource( 3 )
region = Rect2( 0, 1736, 119, 124 )

[sub_resource type="AtlasTexture" id=17]
flags = 4
atlas = ExtResource( 3 )
region = Rect2( 0, 1860, 119, 124 )

[sub_resource type="AtlasTexture" id=18]
flags = 4
atlas = ExtResource( 3 )
region = Rect2( 0, 1984, 119, 124 )

[sub_resource type="AtlasTexture" id=19]
flags = 4
atlas = ExtResource( 3 )
region = Rect2( 0, 2108, 119, 124 )

[sub_resource type="AtlasTexture" id=20]
flags = 4
atlas = ExtResource( 3 )
region = Rect2( 0, 2232, 119, 124 )

[sub_resource type="AtlasTexture" id=21]
flags = 4
atlas = ExtResource( 3 )
region = Rect2( 0, 2356, 119, 124 )

[sub_resource type="AtlasTexture" id=22]
flags = 4
atlas = ExtResource( 3 )
region = Rect2( 0, 2480, 119, 124 )

[sub_resource type="AtlasTexture" id=23]
flags = 4
atlas = ExtResource( 5 )
region = Rect2( 100, 0, 100, 100 )

[sub_resource type="AtlasTexture" id=24]
flags = 4
atlas = ExtResource( 5 )
region = Rect2( 200, 0, 100, 100 )

[sub_resource type="AtlasTexture" id=25]
flags = 4
atlas = ExtResource( 5 )
region = Rect2( 300, 0, 100, 100 )

[sub_resource type="AtlasTexture" id=26]
flags = 4
atlas = ExtResource( 5 )
region = Rect2( 400, 0, 100, 100 )

[sub_resource type="AtlasTexture" id=27]
flags = 4
atlas = ExtResource( 5 )
region = Rect2( 500, 0, 100, 100 )

[sub_resource type="AtlasTexture" id=28]
flags = 4
atlas = ExtResource( 5 )
region = Rect2( 600, 0, 100, 100 )

[sub_resource type="AtlasTexture" id=29]
flags = 4
atlas = ExtResource( 5 )
region = Rect2( 0, 100, 100, 100 )

[sub_resource type="AtlasTexture" id=30]
flags = 4
atlas = ExtResource( 5 )
region = Rect2( 100, 100, 100, 100 )

[sub_resource type="AtlasTexture" id=31]
flags = 4
atlas = ExtResource( 5 )
region = Rect2( 200, 100, 100, 100 )

[sub_resource type="AtlasTexture" id=32]
flags = 4
atlas = ExtResource( 5 )
region = Rect2( 300, 100, 100, 100 )

[sub_resource type="AtlasTexture" id=33]
flags = 4
atlas = ExtResource( 5 )
region = Rect2( 400, 100, 100, 100 )

[sub_resource type="AtlasTexture" id=34]
flags = 4
atlas = ExtResource( 5 )
region = Rect2( 500, 100, 100, 100 )

[sub_resource type="AtlasTexture" id=35]
flags = 4
atlas = ExtResource( 5 )
region = Rect2( 600, 100, 100, 100 )

[sub_resource type="AtlasTexture" id=36]
flags = 4
atlas = ExtResource( 5 )
region = Rect2( 0, 200, 100, 100 )

[sub_resource type="AtlasTexture" id=37]
flags = 4
atlas = ExtResource( 5 )
region = Rect2( 100, 200, 100, 100 )

[sub_resource type="AtlasTexture" id=38]
flags = 4
atlas = ExtResource( 5 )
region = Rect2( 200, 200, 100, 100 )

[sub_resource type="AtlasTexture" id=39]
flags = 4
atlas = ExtResource( 5 )
region = Rect2( 300, 200, 100, 100 )

[sub_resource type="AtlasTexture" id=40]
flags = 4
atlas = ExtResource( 5 )
region = Rect2( 400, 200, 100, 100 )

[sub_resource type="AtlasTexture" id=41]
flags = 4
atlas = ExtResource( 5 )
region = Rect2( 500, 200, 100, 100 )

[sub_resource type="AtlasTexture" id=42]
flags = 4
atlas = ExtResource( 5 )
region = Rect2( 600, 200, 100, 100 )

[sub_resource type="AtlasTexture" id=43]
flags = 4
atlas = ExtResource( 5 )
region = Rect2( 0, 300, 100, 100 )

[sub_resource type="AtlasTexture" id=44]
flags = 4
atlas = ExtResource( 5 )
region = Rect2( 100, 300, 100, 100 )

[sub_resource type="AtlasTexture" id=45]
flags = 4
atlas = ExtResource( 5 )
region = Rect2( 200, 300, 100, 100 )

[sub_resource type="AtlasTexture" id=46]
flags = 4
atlas = ExtResource( 5 )
region = Rect2( 300, 300, 100, 100 )

[sub_resource type="AtlasTexture" id=47]
flags = 4
atlas = ExtResource( 5 )
region = Rect2( 400, 300, 100, 100 )

[sub_resource type="AtlasTexture" id=48]
flags = 4
atlas = ExtResource( 5 )
region = Rect2( 500, 300, 100, 100 )

[sub_resource type="AtlasTexture" id=49]
flags = 4
atlas = ExtResource( 5 )
region = Rect2( 600, 300, 100, 100 )

[sub_resource type="AtlasTexture" id=50]
flags = 4
atlas = ExtResource( 5 )
region = Rect2( 0, 400, 100, 100 )

[sub_resource type="AtlasTexture" id=51]
flags = 4
atlas = ExtResource( 5 )
region = Rect2( 100, 400, 100, 100 )

[sub_resource type="AtlasTexture" id=52]
flags = 4
atlas = ExtResource( 5 )
region = Rect2( 200, 400, 100, 100 )

[sub_resource type="AtlasTexture" id=53]
flags = 4
atlas = ExtResource( 5 )
region = Rect2( 300, 400, 100, 100 )

[sub_resource type="AtlasTexture" id=54]
flags = 4
atlas = ExtResource( 5 )
region = Rect2( 400, 400, 100, 100 )

[sub_resource type="AtlasTexture" id=55]
flags = 4
atlas = ExtResource( 5 )
region = Rect2( 500, 400, 100, 100 )

[sub_resource type="AtlasTexture" id=56]
flags = 4
atlas = ExtResource( 5 )
region = Rect2( 600, 400, 100, 100 )

[sub_resource type="AtlasTexture" id=57]
flags = 4
atlas = ExtResource( 5 )
region = Rect2( 0, 500, 100, 100 )

[sub_resource type="AtlasTexture" id=58]
flags = 4
atlas = ExtResource( 5 )
region = Rect2( 100, 500, 100, 100 )

[sub_resource type="AtlasTexture" id=59]
flags = 4
atlas = ExtResource( 5 )
region = Rect2( 200, 500, 100, 100 )

[sub_resource type="AtlasTexture" id=60]
flags = 4
atlas = ExtResource( 5 )
region = Rect2( 300, 500, 100, 100 )

[sub_resource type="AtlasTexture" id=61]
flags = 4
atlas = ExtResource( 5 )
region = Rect2( 400, 500, 100, 100 )

[sub_resource type="AtlasTexture" id=62]
flags = 4
atlas = ExtResource( 5 )
region = Rect2( 500, 500, 100, 100 )

[sub_resource type="AtlasTexture" id=63]
flags = 4
atlas = ExtResource( 5 )
region = Rect2( 600, 500, 100, 100 )

[sub_resource type="AtlasTexture" id=64]
flags = 4
atlas = ExtResource( 8 )
region = Rect2( 0, 0, 119, 124 )

[sub_resource type="AtlasTexture" id=65]
flags = 4
atlas = ExtResource( 8 )
region = Rect2( 0, 124, 119, 124 )

[sub_resource type="AtlasTexture" id=66]
flags = 4
atlas = ExtResource( 8 )
region = Rect2( 0, 248, 119, 124 )

[sub_resource type="AtlasTexture" id=67]
flags = 4
atlas = ExtResource( 8 )
region = Rect2( 0, 372, 119, 124 )

[sub_resource type="AtlasTexture" id=68]
flags = 4
atlas = ExtResource( 8 )
region = Rect2( 0, 496, 119, 124 )

[sub_resource type="AtlasTexture" id=69]
flags = 4
atlas = ExtResource( 8 )
region = Rect2( 0, 620, 119, 124 )

[sub_resource type="AtlasTexture" id=70]
flags = 4
atlas = ExtResource( 8 )
region = Rect2( 0, 744, 119, 124 )

[sub_resource type="AtlasTexture" id=71]
flags = 4
atlas = ExtResource( 8 )
region = Rect2( 0, 868, 119, 124 )

[sub_resource type="AtlasTexture" id=72]
flags = 4
atlas = ExtResource( 8 )
region = Rect2( 0, 992, 119, 124 )

[sub_resource type="AtlasTexture" id=73]
flags = 4
atlas = ExtResource( 8 )
region = Rect2( 0, 1116, 119, 124 )

[sub_resource type="SpriteFrames" id=74]
animations = [ {
"frames": [ SubResource( 2 ), SubResource( 3 ), SubResource( 4 ), SubResource( 5 ), SubResource( 6 ), SubResource( 7 ), SubResource( 8 ), SubResource( 9 ), SubResource( 10 ), SubResource( 11 ), SubResource( 12 ), SubResource( 13 ), SubResource( 14 ), SubResource( 15 ), SubResource( 16 ), SubResource( 17 ), SubResource( 18 ), SubResource( 19 ), SubResource( 20 ), SubResource( 21 ), SubResource( 22 ) ],
"loop": false,
"name": "attack",
"speed": 20.0
}, {
"frames": [ SubResource( 23 ), SubResource( 24 ), SubResource( 25 ), SubResource( 26 ), SubResource( 27 ), SubResource( 28 ), SubResource( 29 ), SubResource( 30 ), SubResource( 31 ), SubResource( 32 ), SubResource( 33 ), SubResource( 34 ), SubResource( 35 ), SubResource( 36 ), SubResource( 37 ), SubResource( 38 ), SubResource( 39 ), SubResource( 40 ), SubResource( 41 ), SubResource( 42 ), SubResource( 43 ), SubResource( 44 ), SubResource( 45 ), SubResource( 46 ), SubResource( 47 ), SubResource( 48 ), SubResource( 49 ), SubResource( 50 ), SubResource( 51 ), SubResource( 52 ), SubResource( 53 ), SubResource( 54 ), SubResource( 55 ), SubResource( 56 ), SubResource( 57 ), SubResource( 58 ), SubResource( 59 ), SubResource( 60 ), SubResource( 61 ), SubResource( 62 ), SubResource( 63 ) ],
"loop": true,
"name": "die",
"speed": 30.0
}, {
"frames": [ SubResource( 64 ), SubResource( 65 ), SubResource( 66 ), SubResource( 67 ), SubResource( 68 ), SubResource( 69 ), SubResource( 70 ), SubResource( 71 ), SubResource( 72 ), SubResource( 73 ) ],
"loop": true,
"name": "walk",
"speed": 10.0
} ]

[sub_resource type="CircleShape2D" id=75]
radius = 64.0

[sub_resource type="RectangleShape2D" id=76]
extents = Vector2( 16, 32 )

[node name="storm_head" type="KinematicBody2D"]
script = ExtResource( 4 )

[node name="CollisionShape2D" type="CollisionShape2D" parent="."]
shape = SubResource( 1 )

[node name="attack_light" type="Light2D" parent="."]
visible = false
position = Vector2( 0, -10 )
scale = Vector2( 0.3, 0.3 )
texture = ExtResource( 2 )
color = Color( 0.796078, 1, 0.847059, 1 )
energy = 1.1
shadow_enabled = true

[node name="AnimatedSprite" type="AnimatedSprite" parent="."]
position = Vector2( 8, -39 )
scale = Vector2( 1, 1.01613 )
frames = SubResource( 74 )
animation = "walk"
frame = 7
playing = true

[node name="attack_time" type="Timer" parent="."]
wait_time = 4.0

[node name="normal_light" type="Light2D" parent="."]
scale = Vector2( 0.2, 0.2 )
texture = ExtResource( 2 )
color = Color( 0.796078, 1, 0.847059, 1 )
shadow_enabled = true

[node name="Area2D" type="Area2D" parent="."]

[node name="CollisionShape2D" type="CollisionShape2D" parent="Area2D"]
position = Vector2( 8, 0 )
shape = SubResource( 75 )

[node name="death_sound" type="AudioStreamPlayer2D" parent="."]
stream = ExtResource( 6 )

[node name="shock_sound" type="AudioStreamPlayer2D" parent="."]
stream = ExtResource( 7 )
volume_db = -7.776
pitch_scale = 0.85

[node name="health_area" type="Area2D" parent="."]

[node name="CollisionShape2D2" type="CollisionShape2D" parent="health_area"]
shape = SubResource( 76 )

[node name="floor_right" type="RayCast2D" parent="."]
position = Vector2( 24, 0 )
enabled = true
cast_to = Vector2( 0, 30 )

[node name="floor_left" type="RayCast2D" parent="."]
position = Vector2( -24, 0 )
enabled = true
cast_to = Vector2( 0, 30 )

[node name="wall_right" type="RayCast2D" parent="."]
enabled = true
cast_to = Vector2( 20, 0 )

[node name="wall_left" type="RayCast2D" parent="."]
enabled = true
cast_to = Vector2( -20, 0 )

[connection signal="animation_finished" from="AnimatedSprite" to="." method="_on_AnimatedSprite_animation_finished"]
[connection signal="timeout" from="attack_time" to="." method="_on_attack_time_timeout"]
[connection signal="body_entered" from="Area2D" to="." method="_on_Area2D_body_entered"]
[connection signal="body_exited" from="Area2D" to="." method="_on_Area2D_body_exited"]
[connection signal="body_entered" from="health_area" to="." method="_on_health_area_body_entered"]
