[gd_scene load_steps=35 format=2]

[ext_resource path="res://assests/fonts/Kenney Mini Square.ttf" type="DynamicFontData" id=1]
[ext_resource path="res://levels/LevelUi.gd" type="Script" id=2]
[ext_resource path="res://assests/ui/heart/hear-1.png" type="Texture" id=3]
[ext_resource path="res://assests/ShieldsUI/Idle/Shield_Idle_07.png" type="Texture" id=4]
[ext_resource path="res://assests/ShieldsUI/Idle/Shield_Idle_06.png" type="Texture" id=5]
[ext_resource path="res://assests/ShieldsUI/Idle/Shield_Idle_02.png" type="Texture" id=6]
[ext_resource path="res://assests/ShieldsUI/Idle/Shield_Idle_01.png" type="Texture" id=7]
[ext_resource path="res://assests/ShieldsUI/Idle/Shield_Idle_04.png" type="Texture" id=8]
[ext_resource path="res://assests/ShieldsUI/Idle/Shield_Idle_05.png" type="Texture" id=9]
[ext_resource path="res://assests/ShieldsUI/Idle/Shield_Idle_08.png" type="Texture" id=10]
[ext_resource path="res://assests/ShieldsUI/Idle/Shield_Idle_03.png" type="Texture" id=11]
[ext_resource path="res://assests/ui/heart/hear-16.png" type="Texture" id=12]
[ext_resource path="res://assests/ui/heart/hear-10.png" type="Texture" id=13]
[ext_resource path="res://assests/ui/heart/hear-0.png" type="Texture" id=14]
[ext_resource path="res://assests/ui/heart/hear-2.png" type="Texture" id=15]
[ext_resource path="res://assests/ui/heart/hear-4.png" type="Texture" id=16]
[ext_resource path="res://assests/ui/heart/hear-11.png" type="Texture" id=17]
[ext_resource path="res://assests/ui/heart/hear-13.png" type="Texture" id=18]
[ext_resource path="res://assests/ui/heart/hear-6.png" type="Texture" id=19]
[ext_resource path="res://assests/ui/heart/hear-8.png" type="Texture" id=20]
[ext_resource path="res://assests/ui/heart/hear-9.png" type="Texture" id=21]
[ext_resource path="res://assests/ui/heart/hear-15.png" type="Texture" id=22]
[ext_resource path="res://assests/ui/heart/hear-5.png" type="Texture" id=23]
[ext_resource path="res://assests/ui/heart/hear-7.png" type="Texture" id=24]
[ext_resource path="res://assests/ui/heart/hear-3.png" type="Texture" id=25]
[ext_resource path="res://assests/ui/heart/hear-14.png" type="Texture" id=26]
[ext_resource path="res://assests/ui/heart/hear-12.png" type="Texture" id=27]
[ext_resource path="res://assests/ui/quit.png" type="Texture" id=28]
[ext_resource path="res://assests/fonts/Kenney Mini.ttf" type="DynamicFontData" id=29]
[ext_resource path="res://assests/ui/arrow.png" type="Texture" id=30]

[sub_resource type="SpriteFrames" id=1]
animations = [ {
"frames": [ ExtResource( 14 ) ],
"loop": true,
"name": "idle",
"speed": 5.0
}, {
"frames": [ ExtResource( 14 ), ExtResource( 3 ), ExtResource( 15 ), ExtResource( 25 ), ExtResource( 16 ), ExtResource( 23 ), ExtResource( 19 ), ExtResource( 24 ), ExtResource( 20 ), ExtResource( 21 ), ExtResource( 13 ), ExtResource( 17 ), ExtResource( 27 ), ExtResource( 18 ), ExtResource( 26 ), ExtResource( 22 ), ExtResource( 12 ) ],
"loop": false,
"name": "explode",
"speed": 10.0
} ]

[sub_resource type="DynamicFont" id=2]
size = 24
font_data = ExtResource( 1 )

[sub_resource type="AnimatedTexture" id=3]
flags = 4
frames = 8
frame_0/texture = ExtResource( 7 )
frame_1/texture = ExtResource( 6 )
frame_1/delay_sec = 0.0
frame_2/texture = ExtResource( 11 )
frame_2/delay_sec = 0.0
frame_3/texture = ExtResource( 8 )
frame_3/delay_sec = 0.0
frame_4/texture = ExtResource( 9 )
frame_4/delay_sec = 0.0
frame_5/texture = ExtResource( 5 )
frame_5/delay_sec = 0.0
frame_6/texture = ExtResource( 4 )
frame_6/delay_sec = 0.0
frame_7/texture = ExtResource( 10 )
frame_7/delay_sec = 0.0

[sub_resource type="DynamicFont" id=4]
size = 25
font_data = ExtResource( 29 )

[node name="CanvasLayer" type="CanvasLayer"]
script = ExtResource( 2 )

[node name="GridContainer" type="Node" parent="."]

[node name="Heart1" type="AnimatedSprite" parent="GridContainer"]
position = Vector2( 96, 96 )
scale = Vector2( 1.5, 1.5 )
frames = SubResource( 1 )
animation = "idle"

[node name="Heart2" type="AnimatedSprite" parent="GridContainer"]
position = Vector2( 152, 96 )
scale = Vector2( 1.5, 1.5 )
frames = SubResource( 1 )
animation = "idle"

[node name="Heart3" type="AnimatedSprite" parent="GridContainer"]
position = Vector2( 208, 96 )
scale = Vector2( 1.5, 1.5 )
frames = SubResource( 1 )
animation = "idle"

[node name="ScoreContainer" type="GridContainer" parent="."]
anchor_left = 0.5
anchor_right = 0.5
margin_left = -40.0
margin_top = 64.0
margin_right = 44.0
margin_bottom = 104.0
rect_scale = Vector2( 1.5, 1.5 )
columns = 2
__meta__ = {
"_edit_use_anchors_": false
}

[node name="Label" type="Label" parent="ScoreContainer"]
margin_right = 48.0
margin_bottom = 30.0
custom_fonts/font = SubResource( 2 )
text = "0/0"
align = 2
valign = 1
__meta__ = {
"_edit_use_anchors_": false
}

[node name="TextureRect" type="TextureRect" parent="ScoreContainer"]
margin_left = 52.0
margin_right = 84.0
margin_bottom = 31.0
texture = SubResource( 3 )
__meta__ = {
"_edit_use_anchors_": false
}

[node name="Controls" type="GridContainer" parent="."]
anchor_left = 0.937
anchor_top = 0.074
anchor_right = 0.937
anchor_bottom = 0.074
margin_left = -39.04
margin_top = 0.0800018
margin_right = -7.04004
margin_bottom = 32.08
__meta__ = {
"_edit_use_anchors_": false
}

[node name="TextureButton" type="TextureButton" parent="Controls"]
margin_right = 32.0
margin_bottom = 32.0
texture_normal = ExtResource( 28 )
texture_pressed = ExtResource( 28 )
texture_hover = ExtResource( 28 )

[node name="Ammunitions" type="GridContainer" parent="."]
anchor_left = 1.0
anchor_top = 1.0
anchor_right = 1.0
anchor_bottom = 1.0
margin_left = -160.0
margin_top = -112.0
margin_right = -56.0
margin_bottom = -32.0
__meta__ = {
"_edit_use_anchors_": false
}

[node name="Label" type="Label" parent="Ammunitions"]
margin_right = 64.0
margin_bottom = 32.0
custom_fonts/font = SubResource( 4 )
text = "1"
align = 1

[node name="TextureRect" type="TextureRect" parent="Ammunitions"]
margin_top = 36.0
margin_right = 64.0
margin_bottom = 46.0
texture = ExtResource( 30 )

[connection signal="pressed" from="Controls/TextureButton" to="." method="_on_TextureButton_pressed"]
